1820 2666
1368 120 1385 152 ¹
1399 122 1416 161 5

112 186 190 228 gna
201 175 280 215 Pax
291 174 388 214 stetit
399 174 559 212 immota
573 187 583 216 ;
594 183 714 226 quam
725 184 814 213 cum
827 171 1008 212 homines
1018 170 1162 226 quibus
1175 171 1310 225 quieta
1323 180 1482 209 mouere

113 244 253 285 magna
267 230 443 283 voluptas
455 240 716 284 erat‚quoquo
728 229 848 269 modo
858 228 1088 269 labefactare
1101 242 1145 268 ac
1158 227 1346 268 diuellere
1361 225 1482 265 nitere

114 299 188 334 tur,
200 299 317 340 atque
330 289 369 326 in
389 285 642 327 Catholicum
656 288 799 340 Regem
814 286 1037 339 Philippum
1059 284 1249 325 clafficum
1262 281 1402 324 affidue
1417 295 1483 322 ca-

112 344 480 398 nerent,Belgiumq;
493 341 562 383 fibi
572 343 663 383 belli
676 343 835 397 gerendi
847 357 1024 396 campum
1038 342 1311 383 arbitrarentur
1322 337 1393 378 css'e
1409 351 1484 377 con

112 401 284 447 stratum,
295 402 348 441 ita
361 401 423 440 hic
434 400 542 441 velut
554 400 729 454 Angelus
740 402 846 453 pacis
858 401 992 454 Regno
1003 400 1057 439 illi
1070 399 1119 439 de
1137 399 1228 439 caelo
1243 395 1368 449 lapsus
1383 424 1393 442 ,
1405 396 1481 434 stu-

112 458 434 504 dio,auCtoritate‚
445 460 697 497 contentione
709 486 721 504 ,
734 456 911 510 precibus
923 486 934 504 ,
957 457 1146 497 Carolum
1159 458 1197 495 in
1210 453 1341 495 officio
1355 452 1481 491 conti-

113 515 197 553 nuit
209 543 221 561 ,
243 517 278 554 ἃ
291 514 340 555 ab
353 516 459 554 omni
472 527 664 553 armorum
676 514 914 566 cogitatione
926 514 1127 553 reuocauit
1139 541 1150 559 ‚
1172 524 1214 552 vt
1225 510 1485 565 quemadmo-

113 571 206 611 dum
218 570 383 610 staterna
396 570 663 624 propinquitas
675 567 869 622 sanguinis
884 570 981 609 inter
992 569 1091 609 duos
1103 570 1227 621 Reges
1241 578 1321 606 erat
1335 593 1347 611 ,
1362 567 1414 604 ita
1425 567 1486 602 in-

112 638 170 667 ter
180 625 332 667 eosdem
351 625 507 667 fraterni
529 627 697 666 nominis
720 627 858 666 caritas
882 624 1170 666 conseruaretur
1181 653 1191 663 .
1209 627 1244 664 O
1266 622 1409 663 faelium
1432 619 1482 659 ad

113 684 276 737 gloriam
289 684 404 724 huius
415 681 546 724 sanCtae
558 683 666 723 Sedis
678 682 825 736 insigne
835 711 846 730 2
859 697 945 737 quae
956 685 1059 722 viros
1071 683 1166 723 tales
1179 679 1348 734 proferat
1358 707 1369 725 2
1381 690 1484 731 quo·

111 755 195 780 rum
207 743 349 781 virtute
361 741 409 780 ad
421 753 555 794 pacem
567 739 636 779 sibi
647 738 669 780 a
681 739 838 779 Christo
850 740 1020 793 legatam
1039 738 1156 793 longe
1167 740 1342 792 gentium
1364 731 1484 774 trans-

114 798 343 837 mittendam
358 811 446 837 cum
470 797 726 837 maximorum
738 794 857 836 salute
880 798 1103 850 Regnorum
1114 798 1170 836 vti
1181 793 1290 848 poffit
1305 822 1315 832 .
1337 794 1483 832 Pace)

113 855 215 895 enim
229 855 363 908 Regna
375 851 648 893 conseruantur
657 881 669 898 ,
690 867 769 905 qua
780 851 927 893 sublata
938 853 1035 893 nihil
1047 852 1178 893 stabile
1189 853 1243 891 eis
1265 861 1332 891 aut
1342 847 1485 888 florens

114 923 335 965 permanen
348 922 486 951 nutant
495 909 601 963 leges
613 938 625 956 ,
645 910 789 949 iudicia
800 907 1055 950 dissoluuntur
1067 937 1079 955 ‚
1103 907 1304 961 disciplina
1316 918 1488 946 corrum-
1514 939 1519 943 .

115 969 218 1022 pitur
228 996 239 1014 ,
257 980 380 1007 mores
394 965 638 1012 dilabuntur,
651 977 749 1005 artes
760 964 1012 1012 obsolescunt,
1023 965 1180 1017 Religio
1194 963 1417 1017 negligitur³
1429 962 1490 999 vi·

115 1028 197 1065 uus
208 1026 307 1077 perit
317 1051 329 1070 ,
341 1022 514 1076 cedibus,
525 1021 690 1063 flammis
701 1051 713 1069 2
724 1023 867 1075 rapinis
886 1019 1092 1062 miscentur
1103 1021 1234 1060 omnia
1247 1048 1259 1066 ,
1274 1019 1402 1059 omnis
1414 1017 1489 1056 hu-

117 1095 232 1121 mana
246 1079 406 1120 societas
415 1079 584 1120 violatur
595 1108 606 1126 ‚
618 1080 748 1119 omnia
760 1080 932 1133 denique
947 1079 996 1119 ad
1006 1076 1184 1118 occasum
1197 1080 1235 1117 &
1247 1077 1488 1116 interitum-J

115 1149 231 1178 ruunt
242 1167 251 1177 .
273 1139 496 1177 Hancint-er
507 1148 867 1190 magnosterrarum
880 1136 1083 1182 dominos,
1103 1133 1202 1174 solus
1214 1133 1374 1188 quidem
1387 1129 1490 1171 sum-

114 1208 200 1235 mus
211 1195 434 1235 dominator
444 1195 681 1241 Deu52cuius
697 1194 735 1234 in
748 1207 865 1233 manu
877 1191 961 1233 sunt
974 1193 1090 1233 corda
1103 1194 1252 1246 Regum
1268 1201 1489 1242 componen

114 1252 155 1291 di
166 1251 284 1292 habet
294 1251 535 1304 potestatem,
546 1251 596 1290 ad
608 1264 729 1304 quam
740 1248 768 1288 fi
780 1250 941 1303 quando
951 1249 1137 1289 tuendam
1148 1277 1161 1295 ,
1178 1245 1488 1298 stabiliendamq;

115 1320 308 1349 certorum
320 1307 521 1347 hominum
534 1319 651 1358 opera
665 1317 785 1358 atque
798 1308 1004 1344 auctoritas
1016 1306 1145 1345 valere
1165 1305 1334 1344 cernitur
1345 1330 1357 1349 ‚
1379 1314 1491 1341 caros

114 1364 202 1404 illos
215 1359 655 1415 eidemsDe02dile6tosq3
667 1359 839 1414 profecto
850 1361 990 1400 dixeris
1001 1389 1012 1408 ,
1034 1361 1144 1401 cuius
1155 1361 1333 1400 instinctu
1352 1370 1393 1398 vt
1404 1369 1492 1397 tan-

113 1433 197 1462 tum
208 1420 300 1460 boni
312 1417 538 1459 mortalibus
550 1430 684 1458 curent
695 1420 1038 1465 excitantusscuius
1050 1431 1125 1471 ope
1136 1429 1177 1457 vt
1188 1417 1226 1457 id
1239 1415 1402 1456 feliciter
1414 1428 1490 1455 con

111 1477 252 1518 fectum
262 1476 428 1516 reddant
438 1473 751 1516 efficitur.Talem
765 1486 856 1515 tunc
869 1476 1052 1528 temporis
1065 1475 1324 1515 Ant.Mariam
1337 1472 1492 1513 Saluia-

114 1547 197 1575 tum
211 1534 372 1589 agnouit
384 1532 515 1574 Gallia
527 1561 539 1579 2
551 1545 633 1586 quo
645 1533 748 1586 apud
762 1530 797 1572 se
810 1545 984 1572 morante
997 1532 1103 1572 nulla
1114 1531 1206 1571 belli
1219 1528 1329 1570 senfit
1339 1531 1492 1569 incom-

116 1592 235 1631 moda
245 1619 257 1637 ,
279 1591 467 1630 inaximos
479 1601 612 1629 contra
623 1588 739 1628 firmae
753 1617 765 1634 ,
784 1591 820 1627 &
832 1589 1021 1628 diuturnae
1032 1590 1139 1640 pacis
1148 1585 1291 1626 fructus
1306 1585 1490 1638 percepit.

117 1650 299 1702 Longum
311 1647 363 1686 est
387 1647 520 1686 omnia
532 1642 730 1698 persequi,
751 1658 837 1697 quae
852 1658 898 1683 ex
908 1643 984 1683 hoc
996 1643 1104 1684 fonte
1126 1643 1175 1683 ad
1187 1643 1285 1684 illud
1307 1643 1488 1695 Regnum

115 1704 220 1745 bona
232 1714 438 1744 manarunt
448 1729 460 1748 ‚
480 1714 600 1742 vnum
613 1712 714 1741 certe
726 1699 877 1740 filentio
889 1701 1195 1753 praetereundum
1208 1714 1285 1740 non
1300 1700 1365 1745 est,
1376 1697 1487 1752 quod

117 1765 156 1802 δε
166 1775 253 1802 cum
266 1760 437 1800 humana
449 1759 607 1798 caritate
618 1786 630 1804 ,
649 1760 688 1797 &
700 1771 788 1798 cum
799 1758 933 1797 diuina
945 1758 996 1797 est
1008 1757 1197 1811 religione
1214 1758 1463 1796 coniunctum
1476 1784 1488 1795 .

118 1819 228 1859 Ordo
239 1817 350 1857 Beati
371 1814 557 1856 Francisci
578 1813 809 1855 seueriffimae
832 1813 1039 1867 disciplina?
1050 1842 1062 1861 ,
1083 1815 1152 1868 qui
1169 1813 1487 1866 Capuccinorum

117 1875 238 1929 vulgo
250 1874 409 1919 dicitur,
422 1871 444 1912 a
456 1872 647 1926 principio
658 1869 729 1912 suae
741 1872 991 1915 institutionis
1002 1900 1013 1917 ,
1036 1886 1123 1911 cum
1145 1872 1221 1911 iarn
1233 1882 1293 1910 tot
1314 1882 1435 1909 annos
1449 1871 1493 1908 in

116 1933 198 1981 alijs
211 1931 420 1972 Christiani
431 1929 532 1969 orbis
543 1928 713 1983 partibus
724 1928 970 1975 floreret‚non
981 1927 1106 1968 fuerat
1117 1928 1246 1968 adhuc
1262 1938 1437 1979 receptus
1450 1928 1492 1965 in

120 1988 346 2035 Galliaxn‚vt
358 1987 608 2026 condemnati
618 1984 826 2027 sanetiffimi
839 1988 968 2025 Patres
981 1984 1028 2025 ab
1039 1985 1114 2024 illis
1127 1984 1322 2039 gentibus,
1332 1983 1491 2036 exilioq;

120 2044 521 2086 multatividerentur.
542 2043 773 2096 Hisingenti
786 2045 931 2096 pietate
942 2042 1138 2082 Saluiatus
1159 2042 1309 2082 aditum
1322 2043 1362 2080 in
1375 2053 1492 2079 omne

120 2103 160 2142 id
173 2116 333 2156 regnum
346 2102 497 2154 aperuit
510 2129 521 2147 ‚
533 2102 643 2140 cuius
659 2113 725 2139 eos
736 2101 775 2139 in
788 2100 975 2153 primarijs
988 2098 1213 2140 ciuitatibus
1224 2127 1236 2146 ,
1247 2096 1356 2153 quafi
1369 2097 1496 2137 distri·-

118 2159 225 2199 butis
238 2158 376 2209 colonij
385 2171 402 2197 s
414 2159 623 2204 constituit,
634 2157 733 2196 adeo
744 2169 785 2197 vt
797 2157 844 2197 ad
856 2156 1171 2211 quattuordecim
1184 2154 1376 2196 Caenobia
1388 2154 1496 2199 alibi,

123 2228 247 2272 atque
261 2214 353 2256 alibi
364 2217 486 2256 erecta
497 2214 661 2262 fuerint,
679 2212 842 2255 mirificae
859 2215 1014 2268 pietatis
1026 2213 1211 2268 exemplis
1221 2213 1394 2257 illustria,
1405 2211 1498 2264 qui-

1362 2267 1435 2307 bus
